%citation.bib
@article{smith2000fourier,
  title={Fourier analysis of sinusoidally driven thalamocortical relay neurons and a minimal integrate-and-fire-or-burst model},
  author={Smith, Gregory D and Cox, Charles L and Sherman, S Murray and Rinzel, John},
  journal={Journal of neurophysiology},
  volume={83},
  number={1},
  pages={588--610},
  year={2000},
  publisher={American Physiological Society Bethesda, MD}
}

@article{coombes2003dynamics,
  title={Dynamics of synaptically coupled integrate-and-fire-or-burst neurons},
  author={Coombes, S},
  journal={Physical Review E},
  volume={67},
  number={4},
  pages={041910},
  year={2003},
  publisher={APS}
}

@article{casti2002population,
  title={A population study of integrate-and-fire-or-burst neurons},
  author={Casti, Alexander Robert Richard and Omurtag, Ahmet and Sornborger, Andrew and Kaplan, Ehud and Knight, B and Victor, Jonathan and Sirovich, Lawrence},
  journal={Neural computation},
  volume={14},
  number={5},
  pages={957--986},
  year={2002},
  publisher={MIT Press}
}

@article{coombes2001mode,
  title={Mode locking in a periodically forced integrate-and-fire-or-burst neuron model},
  author={Coombes, S and Owen, Markus R and Smith, Gregory D},
  journal={Physical Review E},
  volume={64},
  number={4},
  pages={041914},
  year={2001},
  publisher={APS}
}